%% TEMPLATES
%% http://web.mit.edu/rsi/www/pdfs/bibtex-format.pdf
%% http://tug.ctan.org/info/biblatex-cheatsheet/biblatex-cheatsheet.pdf

misc{, 
	title = {},
	author = {},
	howpublished = {},
	year = ,
	month = ,
	note = {Accessed: 2019-02-13}
}

@article{szegedy2013intriguing,
  title={Intriguing properties of neural networks},
  author={Szegedy, Christian and Zaremba, Wojciech and Sutskever, Ilya and Bruna, Joan and Erhan, Dumitru and Goodfellow, Ian and Fergus, Rob},
  journal={arXiv preprint arXiv:1312.6199},
  year={2013}
}

@article{vijayaraghavan2019generating,
  title={Generating Black-Box Adversarial Examples for Text Classifiers Using a Deep Reinforced Model},
  author={Vijayaraghavan, Prashanth and Roy, Deb},
  journal={arXiv preprint arXiv:1909.07873},
  year={2019}
}

% gray box setting
@inproceedings{vivek2018gray,
  title={Gray-box adversarial training},
  author={Vivek, BS and Reddy Mopuri, Konda and Venkatesh Babu, R},
  booktitle={Proceedings of the European Conference on Computer Vision (ECCV)},
  pages={203--218},
  year={2018}
}

% BERTology Paper
@inproceedings{Rogers2020API,
  title={A Primer in BERTology: What we know about how BERT works},
  author={Anna Rogers and Olga Kovaleva and Anna Rumshisky},
  year={2020}
}

% First adv examples in text
@inproceedings{Jia2017AdversarialEF,
  title={Adversarial Examples for Evaluating Reading Comprehension Systems},
  author={Robin Jia and Percy Liang},
  booktitle={EMNLP},
  year={2017}
}


%survey about adversairal examples in TEXT DNNs (qualitavely semi good but a good gathering of information!)
@article{zhang2019adversarial,
  title={Adversarial attacks on deep learning models in natural language processing: A survey},
  author={Zhang, Wei Emma and Sheng, Quan Z and Alhazmi, AHOUD and LI, CHENLIANG},
  journal={arXiv preprint arXiv:1901.06796},
  year={2019}
}

% BERT Paper
@article{devlin2018bert,
  title={Bert: Pre-training of deep bidirectional transformers for language understanding},
  author={Devlin, Jacob and Chang, Ming-Wei and Lee, Kenton and Toutanova, Kristina},
  journal={arXiv preprint arXiv:1810.04805},
  year={2018}
}


@article{goodfellow2014explaining,
  title={Explaining and harnessing adversarial examples},
  author={Goodfellow, Ian J and Shlens, Jonathon and Szegedy, Christian},
  journal={arXiv preprint arXiv:1412.6572},
  year={2014}
}


@article{liang2017deep,
  title={Deep text classification can be fooled},
  author={Liang, Bin and Li, Hongcheng and Su, Miaoqiang and Bian, Pan and Li, Xirong and Shi, Wenchang},
  journal={arXiv preprint arXiv:1704.08006},
  year={2017}
}


@inproceedings{gao2018black,
  title={Black-box generation of adversarial text sequences to evade deep learning classifiers},
  author={Gao, Ji and Lanchantin, Jack and Soffa, Mary Lou and Qi, Yanjun},
  booktitle={2018 IEEE Security and Privacy Workshops (SPW)},
  pages={50--56},
  year={2018},
  organization={IEEE}
}

@article{jin2019bert,
  title={Is bert really robust? natural language attack on text classification and entailment},
  author={Jin, Di and Jin, Zhijing and Zhou, Joey Tianyi and Szolovits, Peter},
  journal={arXiv preprint arXiv:1907.11932},
  year={2019}
}

@article{goodman2020fastwordbug,
  title={FastWordBug: A Fast Method To Generate Adversarial Text Against NLP Applications},
  author={Goodman, Dou and Zhonghou, Lv and others},
  journal={arXiv preprint arXiv:2002.00760},
  year={2020}
}

@inproceedings{carlini2018audio,
  title={Audio adversarial examples: Targeted attacks on speech-to-text},
  author={Carlini, Nicholas and Wagner, David},
  booktitle={2018 IEEE Security and Privacy Workshops (SPW)},
  pages={1--7},
  year={2018},
  organization={IEEE}
}


%paper rietzler
@article{rietzler2019adapt,
  title={Adapt or get left behind: Domain adaptation through bert language model finetuning for aspect-target sentiment classification},
  author={Rietzler, Alexander and Stabinger, Sebastian and Opitz, Paul and Engl, Stefan},
  journal={arXiv preprint arXiv:1908.11860},
  year={2019}
}

% fine-tuning
@article{pan2009survey,
  title={A survey on transfer learning},
  author={Pan, Sinno Jialin and Yang, Qiang},
  journal={IEEE Transactions on knowledge and data engineering},
  volume={22},
  number={10},
  pages={1345--1359},
  year={2009},
  publisher={IEEE}
}


%elephant
@article{xu2020elephant,
  title={Elephant in the Room: An Evaluation Framework for Assessing Adversarial Examples in NLP},
  author={Xu, Ying and Zhong, Xu and Yepes, Antonio Jose Jimeno and Lau, Jey Han},
  journal={arXiv preprint arXiv:2001.07820},
  year={2020}
}

%HotFlip
@article{ebrahimi2017hotflip,
  title={Hotflip: White-box adversarial examples for text classification},
  author={Ebrahimi, Javid and Rao, Anyi and Lowd, Daniel and Dou, Dejing},
  journal={arXiv preprint arXiv:1712.06751},
  year={2017}
}


%textbugger
@article{li2018textbugger,
  title={Textbugger: Generating adversarial text against real-world applications},
  author={Li, Jinfeng and Ji, Shouling and Du, Tianyu and Li, Bo and Wang, Ting},
  journal={arXiv preprint arXiv:1812.05271},
  year={2018}
}

@inproceedings{papernot2016crafting,
  title={Crafting adversarial input sequences for recurrent neural networks},
  author={Papernot, Nicolas and McDaniel, Patrick and Swami, Ananthram and Harang, Richard},
  booktitle={MILCOM 2016-2016 IEEE Military Communications Conference},
  pages={49--54},
  year={2016},
  organization={IEEE}
}


@article{samanta2017towards,
  title={Towards crafting text adversarial samples},
  author={Samanta, Suranjana and Mehta, Sameep},
  journal={arXiv preprint arXiv:1707.02812},
  year={2017}
}

@article{pavlopoulos2014aspect,
  title={Aspect based sentiment analysis},
  author={Pavlopoulos, Ioannis},
  journal={Athens University of Economics and Business},
  year={2014}
}
